@book{rival2020introduction,
  title={Introduction to static analysis: an abstract interpretation perspective},
  author={Rival, Xavier and Yi, Kwangkeun},
  year={2020},
  publisher={Mit Press}
}

@inproceedings{apinis2012side,
  title={Side-effecting constraint systems: a swiss army knife for program analysis},
  author={Apinis, Kalmer and Seidl, Helmut and Vojdani, Vesal},
  booktitle={Asian Symposium on Programming Languages and Systems},
  pages={157--172},
  year={2012},
  organization={Springer}
}

@phdthesis{apinis2014frameworks,
  title={Frameworks for analyzing multi-threaded C},
  author={Apinis, Kalmer},
  year={2014},
  school={Technische Universit{\"a}t M{\"u}nchen}
}